@misc{ brasil11,
       author = "BRASIL",
       title = "Lei ordinária no 12.527, de 18 de novembro de 2011",
       note = "Regula o acesso a informa\c{c}\~oes previsto no inciso XXXIII do art. 5, no inciso II do par\'agrafo 3 do art. 37 e no par\'agrafo 2 do art. 216 da Constitui\c{c}\~ao Federal",
       howpublished = "Diário Oficial da União",
       month = "Nov",
       year = "2011" }
       
@misc{ prf13,
       author = "PRF",
       title = "Planejamento Estratégico",
       year = "2013",
       note = "Disponível em: <https://www.prf.gov.br/portal/acesso-a-informacao/institucional/planejamento-estrategico>.
	      Acesso em: 23 de março de 2015." }

@misc{ monteiro01,
       author = "Luis Monteiro",
       title = "A INTERNET COMO MEIO DE COMUNICAÇÃO: POSSIBILIDADES E LIMITAÇÕES",
       year = "2001",
       note = "Disponível em :<http://www.jack.eti.br/www/arquivos/documentos/trabalhos/fae/Trabalho\_Redes\_Adinarte\_26032008.pdf >.
	      Acesso em: 18 de abril. 2015." }
	   
@misc{ vicentim13,
       author = "J. Vicentim",
       title = "Web 1.0, Web 2.0 e Web 3.0... Enfim, o que é isso?",
       year = "2013",
       note = "Disponível em: <http://www.ex2.com.br/blog/web-1-0-web-2-0-e-web-3-0-enfim-o-que-e-isso/>.
	    Acesso em 15 de abril de 2015." }
	    
@misc{ lacerda12,
       author = "T. Lacerda",
       title = "Evolução da Web – do 1.0 ao 3.0",
       year = "2012",
       note = "Disponível em: <http://4b-2012-02.bligoo.com.br/evolu-o-da-web-do-1-0-ao-3-0-0>.
	      Acesso em: 15 de abril. 2015." }
	      
@book{ breitman05,
       author = "Karin Koogan Breitman",
       title = "Web Semântica: A internet do futuro",
       year = "2005",
       publisher = "Editora LTC.",
       address = "Rio de Janeiro"}
       
@misc{ brasil97,
       author = "BRASIL",
       title = "Glossário de termos técnicos rodoviários",
       year = "1997",
       address = "Rio de Janeiro",
       howpublished = "Departamento Nacional de Estradas de Rodagem. Diretoria de Desenvolvimento Tecnológico. Divisão de Capacitação Tecnológica."}
       
@book{ nascimento07,
       author = "M. S. O. Nascimento",
       title = "A Ontologia na Ciência da Informação",
       year = "2007",
       publisher = "Revista Digital de Biblioteconomia e Ciência da Informação, Unicamp",
       address = "São Paulo",
       volume = "5",
       number = "1"}
       
@misc{ vitorino06,
       author = "M. Vitorino AND M. BRASCHER",
       title = "Aula sobre Ontologia",
       year = "2006",
       note = "Disponível em: <http://www.dgz.org.br/jun09/Art\_03.htm>.
	      Acesso em 04 de Abril de 2015."}
	      
@misc{ gruber93,
       author = "T. R. Gruber",
       title = "What is an Ontology?",
       year = "1993",
       note = "Disponível em: <http://www.ksl.stanford.edu/kst/what-is-an-ontology-1997.html>. Acesso em 04 de abril de 2015."}	      
       
@misc{ barrachina12,
       author = "J. Barrachina AND P. Garrido AND M. Fogue AND F. J. Martinez AND J. Cano AND C. T. Calafate AND P. Manzoni",
       title = "CAOVA: A Car Accident Ontology for VANETs",
       howpublished = "IEEE Wireless Communications and Networking Conference: Mobile and Wireless Network",
       year = "2012" }

@misc{ villalba14,
       author = "J. B. Villalba",
       title = "Using Ontologies and Intelligent Systems for Traffic Accident Assistance in Vehicular Environments",
       howpublished = "Departament of Computer Engineering. Universitat Politècnica de València.",
       year = "2014" }

@misc{ DanielaLucas2008,
       author = "D. L. Da Silva",
       title = "Uma proposta metodológica para a construção de ontologias: uma perspectiva interdisciplinar entre as ciências da informação
                e da computação ",
       year = "2008",
       note = "Disponível em: <http://www.bibliotecadigital.ufmg.br/dspace/bitstream/handle/1843/ECID-7NRQZ2/                           	       dissertacao\_versao\_final\_setembro08.pdf?sequence=1>. Acesso em 14 de junho de 2015."}	

@misc{ Andreia2010,
       author = "A. Malucelli",
       title = "Ontologias",
       year = "2010",
       note = "Disponível em: <https://web.fe.up.pt/~eol/TNE/0506/Ontologia.pdf>. Acesso em 14 de junho de 2015."}	

@misc{ VariosAutores2009,
       author = "C. Pylro AND B. Corrêa AND I. Devens AND M. Novaes AND V. Ventura",
       title = "Metodologias para construção de ontologias",
       year = "2009",
       note = "Disponível em: <http://www.inf.ufes.br/~novaes/artigos/MetodologiaParaConstrucaoDeOntologias.pdf>. Acesso em 14 de junho de     		       2015."}	

@misc{ SeveralAuthor2011,
       author = "D. L. Da Silva AND R. R. Souza AND M. B. Almeida",
       title = "Ontologias e vocabulários controlados: comparação de metodologias para construção",
       year = "2011",
       note = "Disponível em: <http://www.scielo.br/pdf/ci/v37n3/v37n3a05.pdf>. Acesso em 14 de junho de 2015."}

@misc{ SeveralAuthorUFF2011,
       author = "D. L. Da Silva AND R. R. Souza AND M. B. Almeida",
       title = "Seminário de Pesquisa em Ontologia no Brasil",
       year = "2011",
       note = "Disponível em: <http://www.uff.br/ontologia/artigos/19.pdf>. Acesso em 14 de junho de 2015."}	

@misc{ bortolato14,
       author = "Frederico Bortolato",
       title = "Ligando Dados Governamentais Abertos: uma ontologia do Processo Legislativo de São Paulo",
       howpublished = "Curso de Engenharia de Software, Instituto de Pesquisas Tecnológicas do Estado de São Paulo - IPT.",
       year = "2014" }

@misc{ noy15,
       author = "F. N. Noy AND D. L. Guinness",
       title = "Ontology development 101 : a guide to create your first ontology.",
       year = "2015",
       note = "Disponível em: <http://ksl.stanford.edu/people/dlm/papers/ontology-tutorial-noy-mcguinness.doc>. Acesso em: 05 de junho de 2015." }
       
@misc{ brasil13,
       author = "Brasil",
       title = "Ministério da Justiça. Departamento de Polícia Rodoviária Federal. Dicionário de dados BrBrasil.",
       year = "2013",
       note = "Disponível em: <http://dados.gov.br/dataset/acidentes-rodovias-federais>. Acesso em 18 de Abril de 2015."}
       
@misc{ semprebom07,
       author = "T. Semprebom AND M. Y. Camada AND I. Mendonca",
       title = " Ontologias e Protégé",
       howpublished = "Curso de Pós-Graduação em Engenharia de Automação e Sistemas, Universidade Federal de Santa Catarina.",
       year = "2007",
       note = "Disponível em: <http://user.das.ufsc.br/~gb/pg-ia/Protege07/ontologias.pdf>. Acesso em: 15 de junho de 2015." }
       
@misc{ freitas04,
       author = "F. G. Freitas",
       title = "Ontologias e a Web Semântica",
       howpublished = "Programa de Pós-Graduação em Informática, Universidade Católica de Santos.",
       year = "2004" }
       
       @book{bondy1976graph, 
title={Graph theory with applications}, 
author={Bondy, John Adrian and Murty, Uppaluri Siva Ramachandra and others}, 
volume={290}, 
year={1976}, 
publisher={Citeseer} 
} 

@article{monteiro2010graph, 
title={Grafos}, 
author={Monteiro, D. G. and Ferreira, I. D. M. and others}, 
year={2010}, 
url={http://www.sr.ifes.edu.br/~leandro/arquivos/MatDisc/MD_trabalhos/grupo01.pdf} 
} 

@article{paredaens1992overview, 
title={An overview of GOOD}, 
author={Paredaens, Jan and Van den Bussche, Jan and Andries, Marc and Gemis, Marc and Gyssens, Marc and Thyssens, Inge and Van Gucht, Dirk and Sarathy, Vijay and Saxton, Lawrence}, 
journal={ACM SIGMOD Record}, 
volume={21},
 number={1}, 
pages={25--31}, 
year={1992}, 
publisher={ACM}
 } 

@article{gyssens1994graph, 
title={A graph-oriented object database model}, 
author={Gyssens, Marc and Paredaens, Jan and Van den Bussche, Jan and Van Gucht, Dirk}, 
journal={IEEE Transactions on knowledge and Data Engineering}, 
volume={6}, 
number={4}, 
pages={572--586}, 
year={1994}, 
publisher={IEEE}
} 

@inproceedings{webber2012programmatic, 
title={A programmatic introduction to neo4j}, 
author={Webber, Jim}, 
booktitle={Proceedings of the 3rd annual conference on Systems, programming, and applications: software for humanity}, 
pages={217--218}, 
year={2012}, 
organization={ACM} 
}

@misc{Neo4j, 
title = {Neo4j}, 
howpublished = {\url{https://neo4j.com}, 
note = {Accessed: 2017-11-28}
 }


