  @book{breitman05,
       author = "Karin Koogan Breitman",
       title = "Web Sem\^antica: A internet do futuro",
       year = "2005",
       publisher = "Editora LTC.",
       address = "Rio de Janeiro"}

@misc{ DanielaLucas2008,
       author = "D. L. Da Silva",
       title = "Uma proposta metodol\'ogica para a constru\c{c}\~ao de ontologias: uma perspectiva interdisciplinar entre as ci\^encias da informa\c{c}\~ao e da computa\c{c}\~ao ",
       year = "2008",
       note = "Dispon\'ivel em: <http://www.bibliotecadigital.ufmg.br/dspace/bitstream/handle/1843/ECID-7NRQZ2/dissertacao\_versao\_final\_setembro08.pdf?sequence=1>. Acesso em 14 de junho de 2015."}	



